[gd_scene load_steps=30 format=3 uid="uid://dbvcuwolu8lrn"]

[ext_resource type="Texture2D" uid="uid://biwond464pw3f" path="res://Sprites/Tiles/tiles_packed.png" id="1_jdo7b"]
[ext_resource type="Script" path="res://boss3.gd" id="1_s37wb"]
[ext_resource type="PackedScene" uid="uid://cb21xdmshydb0" path="res://enemy_bullet.tscn" id="2_po551"]
[ext_resource type="Texture2D" uid="uid://bghkcuhx8husb" path="res://Sprites/Sprites/05-Pig Thowing a Bomb/Throwing Boom (26x26).png" id="4_l8ft1"]
[ext_resource type="Texture2D" uid="uid://cwdikpqjbnnd5" path="res://Sprites/Sprites/05-Pig Thowing a Bomb/Run (26x26).png" id="4_u2v32"]
[ext_resource type="Texture2D" uid="uid://d2aavw3b7223y" path="res://Sprites/Sprites/05-Pig Thowing a Bomb/Idle (26x26).png" id="5_6nfs1"]

[sub_resource type="CapsuleShape2D" id="CapsuleShape2D_xu0k2"]
radius = 8.57143
height = 21.0

[sub_resource type="AtlasTexture" id="AtlasTexture_d2d15"]
atlas = ExtResource("4_l8ft1")
region = Rect2(0, 0, 26, 26)

[sub_resource type="AtlasTexture" id="AtlasTexture_662um"]
atlas = ExtResource("4_l8ft1")
region = Rect2(26, 0, 26, 26)

[sub_resource type="AtlasTexture" id="AtlasTexture_34oy0"]
atlas = ExtResource("4_l8ft1")
region = Rect2(52, 0, 26, 26)

[sub_resource type="AtlasTexture" id="AtlasTexture_i8qat"]
atlas = ExtResource("4_l8ft1")
region = Rect2(78, 0, 26, 26)

[sub_resource type="AtlasTexture" id="AtlasTexture_yibj6"]
atlas = ExtResource("4_l8ft1")
region = Rect2(104, 0, 26, 26)

[sub_resource type="AtlasTexture" id="AtlasTexture_sej78"]
atlas = ExtResource("5_6nfs1")
region = Rect2(0, 0, 26, 26)

[sub_resource type="AtlasTexture" id="AtlasTexture_rj2a8"]
atlas = ExtResource("5_6nfs1")
region = Rect2(26, 0, 26, 26)

[sub_resource type="AtlasTexture" id="AtlasTexture_jyfe2"]
atlas = ExtResource("5_6nfs1")
region = Rect2(52, 0, 26, 26)

[sub_resource type="AtlasTexture" id="AtlasTexture_i6uw1"]
atlas = ExtResource("5_6nfs1")
region = Rect2(78, 0, 26, 26)

[sub_resource type="AtlasTexture" id="AtlasTexture_d6s2r"]
atlas = ExtResource("5_6nfs1")
region = Rect2(104, 0, 26, 26)

[sub_resource type="AtlasTexture" id="AtlasTexture_e8dxu"]
atlas = ExtResource("5_6nfs1")
region = Rect2(130, 0, 26, 26)

[sub_resource type="AtlasTexture" id="AtlasTexture_wsa74"]
atlas = ExtResource("5_6nfs1")
region = Rect2(156, 0, 26, 26)

[sub_resource type="AtlasTexture" id="AtlasTexture_ff0vw"]
atlas = ExtResource("5_6nfs1")
region = Rect2(182, 0, 26, 26)

[sub_resource type="AtlasTexture" id="AtlasTexture_m0e6b"]
atlas = ExtResource("5_6nfs1")
region = Rect2(208, 0, 26, 26)

[sub_resource type="AtlasTexture" id="AtlasTexture_w55ay"]
atlas = ExtResource("5_6nfs1")
region = Rect2(234, 0, 26, 26)

[sub_resource type="AtlasTexture" id="AtlasTexture_850qm"]
atlas = ExtResource("4_u2v32")
region = Rect2(0, 0, 26, 26)

[sub_resource type="AtlasTexture" id="AtlasTexture_u8iej"]
atlas = ExtResource("4_u2v32")
region = Rect2(26, 0, 26, 26)

[sub_resource type="AtlasTexture" id="AtlasTexture_01xmi"]
atlas = ExtResource("4_u2v32")
region = Rect2(52, 0, 26, 26)

[sub_resource type="AtlasTexture" id="AtlasTexture_gntbl"]
atlas = ExtResource("4_u2v32")
region = Rect2(78, 0, 26, 26)

[sub_resource type="AtlasTexture" id="AtlasTexture_12ja6"]
atlas = ExtResource("4_u2v32")
region = Rect2(104, 0, 26, 26)

[sub_resource type="AtlasTexture" id="AtlasTexture_aaawb"]
atlas = ExtResource("4_u2v32")
region = Rect2(130, 0, 26, 26)

[sub_resource type="SpriteFrames" id="SpriteFrames_j8ur1"]
animations = [{
"frames": [{
"duration": 1.0,
"texture": SubResource("AtlasTexture_d2d15")
}, {
"duration": 1.0,
"texture": SubResource("AtlasTexture_662um")
}, {
"duration": 1.0,
"texture": SubResource("AtlasTexture_34oy0")
}, {
"duration": 1.0,
"texture": SubResource("AtlasTexture_i8qat")
}, {
"duration": 1.0,
"texture": SubResource("AtlasTexture_yibj6")
}],
"loop": false,
"name": &"attack",
"speed": 5.0
}, {
"frames": [{
"duration": 1.0,
"texture": SubResource("AtlasTexture_sej78")
}, {
"duration": 1.0,
"texture": SubResource("AtlasTexture_rj2a8")
}, {
"duration": 1.0,
"texture": SubResource("AtlasTexture_jyfe2")
}, {
"duration": 1.0,
"texture": SubResource("AtlasTexture_i6uw1")
}, {
"duration": 1.0,
"texture": SubResource("AtlasTexture_d6s2r")
}, {
"duration": 1.0,
"texture": SubResource("AtlasTexture_e8dxu")
}, {
"duration": 1.0,
"texture": SubResource("AtlasTexture_wsa74")
}, {
"duration": 1.0,
"texture": SubResource("AtlasTexture_ff0vw")
}, {
"duration": 1.0,
"texture": SubResource("AtlasTexture_m0e6b")
}, {
"duration": 1.0,
"texture": SubResource("AtlasTexture_w55ay")
}],
"loop": true,
"name": &"idle",
"speed": 5.0
}, {
"frames": [{
"duration": 1.0,
"texture": SubResource("AtlasTexture_850qm")
}, {
"duration": 1.0,
"texture": SubResource("AtlasTexture_u8iej")
}, {
"duration": 1.0,
"texture": SubResource("AtlasTexture_01xmi")
}, {
"duration": 1.0,
"texture": SubResource("AtlasTexture_gntbl")
}, {
"duration": 1.0,
"texture": SubResource("AtlasTexture_12ja6")
}, {
"duration": 1.0,
"texture": SubResource("AtlasTexture_aaawb")
}],
"loop": true,
"name": &"walk",
"speed": 5.0
}]

[node name="boss3" type="RigidBody2D" groups=["enemy"]]
collision_layer = 6
collision_mask = 7
mass = 5.0
gravity_scale = 0.0
max_contacts_reported = 10
contact_monitor = true
lock_rotation = true
script = ExtResource("1_s37wb")
projectile = ExtResource("2_po551")
metadata/_edit_group_ = true

[node name="Sprite2D" type="Sprite2D" parent="."]
visible = false
scale = Vector2(3, 3)
texture = ExtResource("1_jdo7b")
region_enabled = true
region_rect = Rect2(89.8894, 127.838, 17.9196, 16.3508)

[node name="CollisionShape2D" type="CollisionShape2D" parent="."]
position = Vector2(-2.38419e-07, 1)
scale = Vector2(2.8, 2)
shape = SubResource("CapsuleShape2D_xu0k2")

[node name="AnimatedSprite2D" type="AnimatedSprite2D" parent="."]
position = Vector2(0, -6)
scale = Vector2(2, 2)
sprite_frames = SubResource("SpriteFrames_j8ur1")
animation = &"idle"

[connection signal="body_entered" from="." to="." method="_on_body_entered"]
[connection signal="animation_finished" from="AnimatedSprite2D" to="." method="_on_animated_sprite_2d_animation_finished"]
